<?xml version="1.0" encoding="UTF-8"?><collection xmlns="http://www.loc.gov/MARC21/slim"><record><leader>00510nam--2200169-i-4500</leader><controlfield tag="001">000024618</controlfield><controlfield tag="002">20161230</controlfield><controlfield tag="005">20161230201035</controlfield><controlfield tag="008">060222s1000------------r-----000-0-eng-d</controlfield><datafield ind1=" " ind2=" " tag="040"><subfield code="a">IFIN-HH</subfield></datafield><datafield ind1=" " ind2=" " tag="080"><subfield code="a">539.219.1:537.222.24(061.3)</subfield></datafield><datafield ind1="1" ind2=" " tag="100"><subfield code="a">Mazzoldi, P</subfield></datafield><datafield ind1="1" ind2="0" tag="245"><subfield code="a">Induced defects in insultors</subfield><subfield code="b">June 5th-8th strasbourg (france)</subfield><subfield code="c">P. mazzoldi (ed.)</subfield></datafield><datafield ind1=" " ind2=" " tag="260"><subfield code="a">Les Ulis Cedex, France</subfield><subfield code="b">Les Editions De Physique</subfield><subfield code="c">1984</subfield></datafield><datafield ind1=" " ind2=" " tag="300"><subfield code="a">XXI + 267P</subfield></datafield><datafield ind1=" " ind2=" " tag="852"><subfield code="a">73864</subfield><subfield code="c">539.217</subfield></datafield><datafield ind1=" " ind2=" " tag="CAT"><subfield code="a">Sys</subfield><subfield code="c">20121210</subfield><subfield code="h">173306</subfield></datafield></record></collection>